<?xml version="1.0" encoding="UTF-8" ?>
<collection xmlns:xsi="http://www.w3.org/2001/XMLSchema-instance"
    xsi:schemaLocation="http://www.loc.gov/MARC21/slim
        http://www.loc.gov/standards/marcxml/schema/MARC21slim.xsd"
    xmlns="http://www.loc.gov/MARC21/slim">
<record>
  <leader>00262cam a2200505 i 4500</leader>
  <controlfield tag="001">b12519169</controlfield>
  <controlfield tag="003">LeBAU</controlfield>
  <controlfield tag="005">20140815</controlfield>
  <controlfield tag="008">970714s1904    ua            ||1 p ara d</controlfield>
  <datafield tag="035" ind1=" " ind2=" ">
    <subfield code="a">ocn784375638</subfield>
  </datafield>
  <datafield tag="040" ind1=" " ind2=" ">
    <subfield code="a">LEAUB</subfield>
    <subfield code="b">ara</subfield>
    <subfield code="e">rda</subfield>
    <subfield code="c">LEAUB</subfield>
    <subfield code="d">LEAUB</subfield>
  </datafield>
  <datafield tag="082" ind1="0" ind2="4">
    <subfield code="a">883.1</subfield>
    <subfield code="2">22</subfield>
  </datafield>
  <datafield tag="100" ind1="1" ind2=" ">
    <subfield code="6">880-01</subfield>
    <subfield code="a">Hūmīrūs,</subfield>
    <subfield code="e">author.</subfield>
  </datafield>
  <datafield tag="240" ind1="1" ind2="0">
    <subfield code="a">Iliad.</subfield>
    <subfield code="l">Arabic</subfield>
  </datafield>
  <datafield tag="245" ind1="1" ind2="0">
    <subfield code="6">880-02</subfield>
    <subfield code="a">Ilyādhat Hūmīrūs :</subfield>
    <subfield code="b">muʻarrabah naẓman wa-ʻalayhā sharḥ tārīkhī adabī wa-hiya muṣaddarah bi-muqaddimah fī Hūmīrūs wa-shiʻrihi wa-ādāb al-Yūnān wa-al-ʻArab wa-mudhayyalah bi-muʻjam ʻāmm wa-fahāris /</subfield>
    <subfield code="c">bi-qalam Sulaymān al-Bustānī.</subfield>
  </datafield>
  <datafield tag="264" ind1=" " ind2="1">
    <subfield code="6">880-03</subfield>
    <subfield code="a">Miṣr :</subfield>
    <subfield code="b">Maṭbaʻat al-Hilāl,</subfield>
    <subfield code="c">1904.</subfield>
  </datafield>
  <datafield tag="300" ind1=" " ind2=" ">
    <subfield code="6">880-04</subfield>
    <subfield code="a">1260 pages ;</subfield>
    <subfield code="c">27 cm</subfield>
  </datafield>
  <datafield tag="336" ind1=" " ind2=" ">
    <subfield code="a">text</subfield>
    <subfield code="b">txt</subfield>
    <subfield code="2">rdacontent</subfield>
  </datafield>
  <datafield tag="337" ind1=" " ind2=" ">
    <subfield code="a">unmediated</subfield>
    <subfield code="b">n</subfield>
    <subfield code="2">rdamedia</subfield>
  </datafield>
  <datafield tag="338" ind1=" " ind2=" ">
    <subfield code="a">volume</subfield>
    <subfield code="b">nc</subfield>
    <subfield code="2">rdacarrier</subfield>
  </datafield>
  <datafield tag="500" ind1=" " ind2=" ">
    <subfield code="a">"L'Iliade d'Homére : traduite en vers arabes avec une introduction historique et litteraire sur l'auteur et son oeuvre en regard de la litterature arabe et des usages de l'orient / le texte est accompagne de notes et suivi d'un vocabulaire par Sulaiman al-Bustany"</subfield>
  </datafield>
  <datafield tag="500" ind1=" " ind2=" ">
    <subfield code="a">يتضمن كشافات.</subfield>
  </datafield>
  <datafield tag="600" ind1="0" ind2="4">
    <subfield code="a">هوميروس.</subfield>
    <subfield code="t">الإلياذة.</subfield>
  </datafield>
  <datafield tag="600" ind1="0" ind2="0">
    <subfield code="a">Homer.</subfield>
    <subfield code="t">Iliad.</subfield>
  </datafield>
  <datafield tag="655" ind1=" " ind2="4">
    <subfield code="a">شعر.</subfield>
  </datafield>
  <datafield tag="655" ind1=" " ind2="0">
    <subfield code="a">Poetry.</subfield>
  </datafield>
  <datafield tag="700" ind1="1" ind2=" ">
    <subfield code="6">880-05</subfield>
    <subfield code="a">Bustānī, Sulaymān Khaṭṭār,</subfield>
    <subfield code="d">1856-1925,</subfield>
    <subfield code="e">Translator.</subfield>
  </datafield>
  <datafield tag="765" ind1="0" ind2=" ">
    <subfield code="6">880-07</subfield>
    <subfield code="i">ترجمة كتاب (عمل):</subfield>
    <subfield code="t">Homeri Ilias</subfield>
    <subfield code="d">Oxonii : Clarendoniano, 1931</subfield>
    <subfield code="w">b11642518</subfield>
    <subfield code="w">b11642518</subfield>
    <subfield code="a">Translation of (work):</subfield>
  </datafield>
  <datafield tag="775" ind1="0" ind2=" ">
    <subfield code="6">880-06</subfield>
    <subfield code="t">إلياذة هوميروس</subfield>
    <subfield code="d">Bayrūt, Lubnān : Dār Iḥyā’ al-Turāth al-‘Arabī, [1980]</subfield>
    <subfield code="w">b18279806</subfield>
    <subfield code="a">Ilyādhat Hūmīrūs</subfield>
  </datafield>
  <datafield tag="852" ind1=" " ind2=" ">
    <subfield code="a">Jafet Archives and Special Collections</subfield>
    <subfield code="e">American University of Beirut, Bliss Street , Beirut, Lebanon.</subfield>
  </datafield>
  <datafield tag="852" ind1=" " ind2=" ">
    <subfield code="a">Jafet Library</subfield>
    <subfield code="e">American University of Beirut, Bliss Street , Beirut, Lebanon.</subfield>
  </datafield>
  <datafield tag="880" ind1="1" ind2=" ">
    <subfield code="6">100-01/(3/r</subfield>
    <subfield code="a">هوميروس،</subfield>
    <subfield code="e">مؤلف. </subfield>
    <subfield code="4">aut.</subfield>
  </datafield>
  <datafield tag="880" ind1="1" ind2="0">
    <subfield code="6">245-02/(3/r</subfield>
    <subfield code="a">إلياذة هوميروس :</subfield>
    <subfield code="b">معربة نظماً وعليها شرح تاريخي أدبي وهي مصدرة بمقدمة في هوميروس وشعره وآداب اليونان و العرب ومذيله بمعجم عام وفهارس /</subfield>
    <subfield code="c">بقلم سليمان البستاني.</subfield>
  </datafield>
  <datafield tag="880" ind1=" " ind2="1">
    <subfield code="6">264-03/(3/r</subfield>
    <subfield code="a">مصر :</subfield>
    <subfield code="b">مطبعة الهلال،</subfield>
    <subfield code="c">1904.</subfield>
  </datafield>
  <datafield tag="880" ind1=" " ind2=" ">
    <subfield code="6">300-04/(3/r</subfield>
    <subfield code="a">1260 صفحة ؛</subfield>
    <subfield code="c">27 سم</subfield>
  </datafield>
  <datafield tag="880" ind1="1" ind2=" ">
    <subfield code="6">700-05/(3/r</subfield>
    <subfield code="a">البستاني، سليمان خطار،</subfield>
    <subfield code="d">1856-1925،</subfield>
    <subfield code="e">مترجم. </subfield>
    <subfield code="4">trl.</subfield>
  </datafield>
  <datafield tag="880" ind1="0" ind2=" ">
    <subfield code="6">775-06/(3/r</subfield>
    <subfield code="a">Ilyādhat Hūmīrūs</subfield>
    <subfield code="d">بيروت، لبنان : دار إحياء التراث العربي، [1980]</subfield>
    <subfield code="w">b18279806</subfield>
  </datafield>
  <datafield tag="880" ind1="0" ind2=" ">
    <subfield code="6">765-07/(3/r</subfield>
    <subfield code="a">Translation of (work):</subfield>
    <subfield code="t">Homeri Ilias</subfield>
    <subfield code="d">Oxonii : Clarendoniano, 1931</subfield>
    <subfield code="w">(OCoLC)09292080</subfield>
    <subfield code="w">b11642518</subfield>
  </datafield>
  <datafield tag="907" ind1=" " ind2=" ">
    <subfield code="a">.b12519169</subfield>
    <subfield code="b">16-02-12</subfield>
    <subfield code="c">11-05-24</subfield>
  </datafield>
  <datafield tag="907" ind1=" " ind2=" ">
    <subfield code="a">.b12519169</subfield>
    <subfield code="b">15-10-15</subfield>
    <subfield code="c">11-05-24</subfield>
  </datafield>
  <datafield tag="945" ind1=" " ind2=" ">
    <subfield code="f">CA</subfield>
    <subfield code="a">883.1:H76ibA:c.1</subfield>
    <subfield code="g">1</subfield>
    <subfield code="i">01031487</subfield>
    <subfield code="j">.i13017731</subfield>
    <subfield code="l">u0304</subfield>
  </datafield>
  <datafield tag="945" ind1=" " ind2=" ">
    <subfield code="f">CA</subfield>
    <subfield code="a">883.1:H76ibA:c.2</subfield>
    <subfield code="g">1</subfield>
    <subfield code="i">01031486</subfield>
    <subfield code="j">.i13017755</subfield>
    <subfield code="l">u0304</subfield>
  </datafield>
  <datafield tag="945" ind1=" " ind2=" ">
    <subfield code="f">J</subfield>
    <subfield code="a">883.1:H76ibA:c.1</subfield>
    <subfield code="g">1</subfield>
    <subfield code="i">01031485</subfield>
    <subfield code="j">.i13017743</subfield>
    <subfield code="l">u0503</subfield>
  </datafield>
  <datafield tag="998" ind1=" " ind2=" ">
    <subfield code="a">(2)u03</subfield>
    <subfield code="a">u05</subfield>
    <subfield code="b">97-07-14</subfield>
    <subfield code="c">m</subfield>
    <subfield code="d">a</subfield>
    <subfield code="e">-</subfield>
    <subfield code="f">ara</subfield>
    <subfield code="g">ua </subfield>
    <subfield code="h">0</subfield>
    <subfield code="i">3</subfield>
  </datafield>
</record>
</collection>
